% CONF 79.8

@Booklet{ATLAS-CONF-2018-041,
    author         = "{ATLAS Collaboration}",
    title         = "{Search for supersymmetry in final states with missing
                       transverse momentum and multiple $b$-jets in proton-proton
                       collisions at $\sqrt{s} = 13$ TeV with the ATLAS detector}",
    howpublished   = "{ATLAS-CONF-2018-041}",
    note           = "http://cds.cern.ch/record/2632347",
    year           = "2018",
}


% 36 ifb multib strong paper
@article{Aaboud:2017hrg,
      title          = "{Search for supersymmetry in final states with missing
                        transverse momentum and multiple $b$-jets in proton-proton
                        collisions at $ \sqrt{s}=13 $ TeV with the ATLAS
                        detector}",
      author  = "{ATLAS Collaboration}",
      journal        = "JHEP",
      volume         = "06",
      year           = "2018",
      pages          = "107",
      doi            = "10.1007/JHEP06(2018)107",
      eprint         = "1711.01901",
      archivePrefix  = "arXiv",
      primaryClass   = "hep-ex",
      reportNumber   = "CERN-EP-2017-182",
      SLACcitation   = "%%CITATION = ARXIV:1711.01901;%%"
}


% 36 ifb EWK multib
@article{Aaboud:2018htj,
      title          = "{Search for pair production of higgsinos in final states
                        with at least three $b$-tagged jets in $\sqrt{s} = 13$ TeV
                        $pp$ collisions using the ATLAS detector}",
      author = "{ATLAS Collaboration}",
      journal        = "Submitted to: Phys. Rev. D",
      year           = "2018",
      eprint         = "1806.04030",
      archivePrefix  = "arXiv",
      primaryClass   = "hep-ex",
      reportNumber   = "CERN-EP-2018-050",
      SLACcitation   = "%%CITATION = ARXIV:1806.04030;%%"
}

% 14.8 ifb multib CONF ICEHP 2016
@Booklet{ATLAS-CONF-2016-052,
      title         = "{Search for pair production of gluinos decaying via top or
                       bottom squarks in events with $b$-jets and large missing
                       transverse momentum in $pp$ collisions at $\sqrt{s}=13$ TeV
                       with the ATLAS detector}",
      institution   = "CERN",
      author = "{ATLAS Collaboration}",
      address       = "Geneva",
      number        = "ATLAS-CONF-2016-052",
      year          = "2016",
      reportNumber  = "ATLAS-CONF-2016-052",
      note           = "https://cds.cern.ch/record/2206134",
}

% 3.2 ifb mutib strong paper
@article{Aad:2016eki,
      title          = "{Search for pair production of gluinos decaying via stop
                        and sbottom in events with $b$-jets and large missing
                        transverse momentum in $pp$ collisions at $\sqrt{s} = 13$
                        TeV with the ATLAS detector}",
      author  = "{ATLAS Collaboration}",
      journal        = "Phys. Rev.",
      volume         = "D94",
      year           = "2016",
      number         = "3",
      pages          = "032003",
      doi            = "10.1103/PhysRevD.94.032003",
      eprint         = "1605.09318",
      archivePrefix  = "arXiv",
      primaryClass   = "hep-ex",
      reportNumber   = "CERN-EP-2016-061",
      SLACcitation   = "%%CITATION = ARXIV:1605.09318;%%"
}

% stop in stau
@article{Aad:2015tin,
      title          = "{Search for direct top squark pair production in final
                        states with two tau leptons in pp collisions at
                        $\sqrt{s}=8$  TeV with the ATLAS detector}",
      author  = "{ATLAS Collaboration}",
      journal        = "Eur. Phys. J.",
      volume         = "C76",
      year           = "2016",
      number         = "2",
      pages          = "81",
      doi            = "10.1140/epjc/s10052-016-3897-z",
      eprint         = "1509.04976",
      archivePrefix  = "arXiv",
      primaryClass   = "hep-ex",
      reportNumber   = "CERN-PH-EP-2015-188",
      SLACcitation   = "%%CITATION = ARXIV:1509.04976;%%"
}